@article{Huang2021,
	doi = {10.1088/1674-1137/abddb0},
	url = {https://doi.org/10.1088/1674-1137/abddb0},
	year = 2021,
	month = {mar},
	publisher = {{IOP} Publishing},
	volume = {45},
	number = {3},
	pages = {030002},
	author = {W.J. Huang and Meng Wang and F.G. Kondev and G. Audi and S. Naimi},
	title = {The {AME} 2020 atomic mass evaluation},
	journal = {Chinese Physics C},
	abstract = {This is the first of two articles (Part I and Part II) that presents the results of the new atomic mass evaluation, AME2020. It includes complete information on the experimental input data that were used to derive the tables of recommended values which are given in Part II. This article describes the evaluation philosophy and procedures that were implemented in the selection of specific nuclear reaction, decay and mass-spectrometric data which were used in a least-squares fit adjustment in order to determine the recommended mass values and their uncertainties. All input data, including both the accepted and rejected ones, are tabulated and compared with the adjusted values obtained from the least-squares fit analysis. Differences with the previous AME2016 evaluation are discussed and specific examples are presented for several nuclides that may be of interest to AME users.}
}

@article{aalseth2002comment,
  title={Comment on" Evidence for Neutrinoless Double Beta Decay"},
  author={Aalseth, Craig E and AVIGNONE III, FT and Barabash, A and Boehm, F and Brodzinski, Ronald L and Collar, JI and Doe, PJ and Ejiri, H and Elliott, SR and Fiorini, E and others},
  journal={Modern Physics Letters A},
  volume={17},
  number={22},
  pages={1475--1478},
  year={2002},
  publisher={World Scientific}
}

@article{FERUGLIO2002345,
title = {Neutrino oscillations and signals in β and 0ν2β experiments},
journal = {Nuclear Physics B},
volume = {637},
number = {1},
pages = {345-377},
year = {2002},
issn = {0550-3213},
doi = {https://doi.org/10.1016/S0550-3213(02)00345-0},
url = {https://www.sciencedirect.com/science/article/pii/S0550321302003450},
author = {Ferruccio Feruglio and Alessandro Strumia and Francesco Vissani},
}

@article{Pal2011,
   title={Dirac, Majorana, and Weyl fermions},
   volume={79},
   ISSN={1943-2909},
   url={http://dx.doi.org/10.1119/1.3549729},
   DOI={10.1119/1.3549729},
   number={5},
   journal={American Journal of Physics},
   publisher={American Association of Physics Teachers (AAPT)},
   author={Pal, Palash B.},
   year={2011},
   month={May},
   pages={485–498}
}

@article{HMFull,
  title = {Heidelberg-Moscow \ensuremath{\beta}\ensuremath{\beta} experiment ${\mathrm{with}}^{76}$Ge: Full setup with five detectors},
  author = {G\"unther, M. and Hellmig, J. and Heusser, G. and Hirsch, M. and Klapdor-Kleingrothaus, H. V. and Maier, B. and P\"as, H. and Petry, F. and Ramachers, Y. and Strecker, H. and V\"ollinger, M. and Balysh, A. and Belyaev, S. T. and Demehin, A. and Gurov, A. and Kondratenko, I. and Kotel'nikov, D. and Lebedev, V. I. and M\"uller, A.},
  journal = {Phys. Rev. D},
  volume = {55},
  issue = {1},
  pages = {54--67},
  numpages = {0},
  year = {1997},
  month = {Jan},
  publisher = {American Physical Society},
  doi = {10.1103/PhysRevD.55.54},
  url = {https://link.aps.org/doi/10.1103/PhysRevD.55.54}
}

@article{Qval,
    author = "Douysset, G. and Fritioff, T. and Carlberg, C. and Bergstrom, I. and Bjorkhage, M.",
    title = "{Determination of the Ge-76 double beta decay Q value}",
    doi = "10.1103/PhysRevLett.86.4259",
    journal = "Phys. Rev. Lett.",
    volume = "86",
    pages = "4259--4262",
    year = "2001"
}

@article{Klapdor-Kleingrothaus:2001,
    author = "Klapdor-Kleingrothaus, H. V. and Dietz, A. and Harney, H. L. and Krivosheina, I. V.",
    title = "{Evidence for neutrinoless double beta decay}",
    eprint = "hep-ph/0201231",
    archivePrefix = "arXiv",
    doi = "10.1142/S0217732301005825",
    journal = "Mod. Phys. Lett. A",
    volume = "16",
    pages = "2409--2420",
    year = "2001"
}

@article{KlapdorKleingrothaus:earlier,
   title={Latest results from the HEIDELBERG-MOSCOW double beta decay experiment},
   volume={12},
   ISSN={1434-601X},
   url={http://dx.doi.org/10.1007/s100500170022},
   DOI={10.1007/s100500170022},
   number={2},
   journal={The European Physical Journal A},
   publisher={Springer Science and Business Media LLC},
   author={Klapdor-Kleingrothaus, H.V. and Dietz, A. and Baudis, L. and Heusser, G. and Krivosheina, I.V. and Majorovits, B. and Paes, H. and Strecker, H. and Alexeev, V. and Balysh, A. and et al.},
   year={2001},
   month={Oct},
   pages={147–154}
}
@article{klapdor2006evidence,
  title={The evidence for the observation of 0$\nu$$\beta$$\beta$ decay: The identification of 0$\nu$$\beta$$\beta$ events from the full spectra},
  author={Klapdor-Kleingrothaus, Hans Volker and Krivosheina, Irina Vladimirovna},
  journal={Modern Physics Letters A},
  volume={21},
  number={20},
  pages={1547--1566},
  year={2006},
  publisher={World Scientific}
}
@article{strumia2006neutrino,
  title={Neutrino masses and mixings and...},
  author={Strumia, Alessandro and Vissani, Francesco},
  journal={arXiv preprint hep-ph/0606054},
  year={2006}
}
@article{Gerda1,
  title = {Results on Neutrinoless Double-$\ensuremath{\beta}$ Decay of $^{76}\mathrm{Ge}$ from Phase I of the GERDA Experiment},
  author = {Agostini, M. and Allardt, M. and Andreotti, E. and Bakalyarov, A. M. and Balata, M. and Barabanov, I. and Barnab\'e Heider, M. and Barros, N. and Baudis, L. and Bauer, C. and Becerici-Schmidt, N. and Bellotti, E. and Belogurov, S. and Belyaev, S. T. and Benato, G. and Bettini, A. and Bezrukov, L. and Bode, T. and Brudanin, V. and Brugnera, R. and Budj\'a\ifmmode \check{s}\else \v{s}\fi{}, D. and Caldwell, A. and Cattadori, C. and Chernogorov, A. and Cossavella, F. and Demidova, E. V. and Domula, A. and Egorov, V. and Falkenstein, R. and Ferella, A. and Freund, K. and Frodyma, N. and Gangapshev, A. and Garfagnini, A. and Gotti, C. and Grabmayr, P. and Gurentsov, V. and Gusev, K. and Guthikonda, K. K. and Hampel, W. and Hegai, A. and Heisel, M. and Hemmer, S. and Heusser, G. and Hofmann, W. and Hult, M. and Inzhechik, L. V. and Ioannucci, L. and Janicsk\'o Cs\'athy, J. and Jochum, J. and Junker, M. and Kihm, T. and Kirpichnikov, I. V. and Kirsch, A. and Klimenko, A. and Kn\"opfle, K. T. and Kochetov, O. and Kornoukhov, V. N. and Kuzminov, V. V. and Laubenstein, M. and Lazzaro, A. and Lebedev, V. I. and Lehnert, B. and Liao, H. Y. and Lindner, M. and Lippi, I. and Liu, X. and Lubashevskiy, A. and Lubsandorzhiev, B. and Lutter, G. and Macolino, C. and Machado, A. A. and Majorovits, B. and Maneschg, W. and Misiaszek, M. and Nemchenok, I. and Nisi, S. and O'Shaughnessy, C. and Pandola, L. and Pelczar, K. and Pessina, G. and Pullia, A. and Riboldi, S. and Rumyantseva, N. and Sada, C. and Salathe, M. and Schmitt, C. and Schreiner, J. and Schulz, O. and Schwingenheuer, B. and Sch\"onert, S. and Shevchik, E. and Shirchenko, M. and Simgen, H. and Smolnikov, A. and Stanco, L. and Strecker, H. and Tarka, M. and Ur, C. A. and Vasenko, A. A. and Volynets, O. and von Sturm, K. and Wagner, V. and Walter, M. and Wegmann, A. and Wester, T. and Wojcik, M. and Yanovich, E. and Zavarise, P. and Zhitnikov, I. and Zhukov, S. V. and Zinatulina, D. and Zuber, K. and Zuzel, G.},
  collaboration = {GERDA Collaboration},
  journal = {Phys. Rev. Lett.},
  volume = {111},
  issue = {12},
  pages = {122503},
  numpages = {6},
  year = {2013},
  month = {Sep},
  publisher = {American Physical Society},
  doi = {10.1103/PhysRevLett.111.122503},
  url = {https://link.aps.org/doi/10.1103/PhysRevLett.111.122503}
}

@article{GERDA2,
    author = "Agostini, M. and others",
    collaboration = "GERDA",
    title = "{Improved Limit on Neutrinoless Double-$\beta$ Decay of $^{76}$Ge from GERDA Phase II}",
    eprint = "1803.11100",
    archivePrefix = "arXiv",
    primaryClass = "nucl-ex",
    doi = "10.1103/PhysRevLett.120.132503",
    journal = "Phys. Rev. Lett.",
    volume = "120",
    number = "13",
    pages = "132503",
    year = "2018"
}

@article{GERDAsetup,
    author = "Ackermann, K. H. and others",
    collaboration = "GERDA",
    title = "{The GERDA experiment for the search of $0\nu\beta\beta$  decay in $^{76}$Ge}",
    eprint = "1212.4067",
    archivePrefix = "arXiv",
    primaryClass = "physics.ins-det",
    doi = "10.1140/epjc/s10052-013-2330-0",
    journal = "Eur. Phys. J. C",
    volume = "73",
    number = "3",
    pages = "2330",
    year = "2013"
}
@article{Klapdor-Kleingrothaus:2013cja,
    author = "Klapdor-Kleingrothaus, Hans Volker and Krivosheina, Irina V.",
    title = "{Why is the conclusion of the Gerda experiment not justified}",
    eprint = "1308.2524",
    archivePrefix = "arXiv",
    primaryClass = "hep-ex",
    doi = "10.1134/S1547477113070133",
    journal = "Phys. Part. Nucl. Lett.",
    volume = "10",
    pages = "704--709",
    year = "2013"
}

